@PREAMBLE{
 "\providecommand{\noopsort}[1]{}" 
 # "\providecommand{\singleletter}[1]{#1}%" 
}

@book{Dronskowski2017,
  author    = {Dronskowski, Richard
               and Kikkawa, Shinichi
               and Stein, Andreas},
  title     = {Handbook of Solid State Chemistry},
  year      = {2017},
  publisher = {Wiley-VCH Verlag GmbH {\&} Co. KGaA},
  address   = {Weinheim, Germany},
  doi       = {10.1002/9783527691036},
  url       = {https://doi.org/10.1002/9783527691036}
}

@article{PELL1996255,
  title   = {Quantitative modeling of factors determining Ragone plots for batteries and electrochemical capacitors},
  journal = {J. Power Sources},
  volume  = {63},
  number  = {2},
  pages   = {255-266},
  year    = {1996},
  issn    = {0378-7753},
  doi     = {https://doi.org/10.1016/S0378-7753(96)02525-6},
  author  = {W.G. Pell and B.E. Conway}
}

@article{Gogotsi2018,
  author  = {Gogotsi, Yury and Penner, Reginald
             M.},
  title   = {Energy Storage in Nanomaterials – Capacitive, Pseudocapacitive, or Battery-like?},
  journal = {ACS Nano},
  volume  = {12},
  number  = {3},
  pages   = {2081-2083},
  year    = {2018},
  doi     = {10.1021/acsnano.8b01914}
}
@article{Simon2008,
  author  = {Simon, Patrice
             and Gogotsi, Yury},
  title   = {Materials for electrochemical capacitors},
  journal = {Nat. Mater},
  year    = {2008},
  month   = {Nov},
  day     = {01},
  volume  = {7},
  number  = {11},
  pages   = {845-854},
  issn    = {1476-4660},
  doi     = {10.1038/nmat2297}
}
@article{Wang2012,
  author    = {Wang, Guoping and Zhang, Lei and Zhang, Jiujun},
  title     = {A review of electrode materials for electrochemical supercapacitors},
  journal   = {Chem. Soc. Rev.},
  year      = {2012},
  volume    = {41},
  issue     = {2},
  pages     = {797-828},
  publisher = {The Royal Society of Chemistry},
  doi       = {10.1039/C1CS15060J}
}
@article{Aurelien2003,
  title   = {A comparative study of Li-ion battery, supercapacitor and nonaqueous asymmetric hybrid devices for automotive applications},
  journal = {J. Power Sources},
  volume  = {115},
  number  = {1},
  pages   = {171-178},
  year    = {2003},
  issn    = {0378-7753},
  doi     = {https://doi.org/10.1016/S0378-7753(02)00718-8},
  author  = {Aurelien {Du Pasquier} and Irene Plitz and Serafin Menocal and Glenn Amatucci}
}
@article{González2016,
  title   = {Review on supercapacitors: Technologies and materials},
  journal = {Renew. Sustain. Energy Rev.},
  volume  = {58},
  pages   = {1189-1206},
  year    = {2016},
  issn    = {1364-0321},
  doi     = {https://doi.org/10.1016/j.rser.2015.12.249},
  author  = {Ander González and Eider Goikolea and Jon Andoni Barrena and Roman Mysyk}
}

@article{Pandolfo2006,
  title   = {Carbon properties and their role in supercapacitors},
  journal = {J. Power Sources},
  volume  = {157},
  number  = {1},
  pages   = {11-27},
  year    = {2006},
  issn    = {0378-7753},
  doi     = {https://doi.org/10.1016/j.jpowsour.2006.02.065},
  author  = {A.G. Pandolfo and A.F. Hollenkamp}
}

@book{Pleskov2007,
  author  = {Pleskov, Yu.V.},
  year    = {2007},
  month   = {11},
  pages   = {1326-1327},
  title   = {Fundamentals of electrochemistry (2nd edition)},
  volume  = {43},
  journal = {Russian Journal of Electrochemistry - RUSSIAN J ELECTROCHEMISTRY},
  doi     = {10.1134/S1023193507110183}
}

@article{Zhang2009,
  author    = {Zhang, Li Li and Zhao, X. S.},
  title     = {Carbon-based materials as supercapacitor electrodes},
  journal   = {Chem. Soc. Rev.},
  year      = {2009},
  volume    = {38},
  issue     = {9},
  pages     = {2520-2531},
  publisher = {The Royal Society of Chemistry},
  doi       = {10.1039/B813846J}
}

@article{Sharma2010,
  title   = {A review on electrochemical double-layer capacitors},
  journal = {Energy Convers. Manag.},
  volume  = {51},
  number  = {12},
  pages   = {2901-2912},
  year    = {2010},
  issn    = {0196-8904},
  doi     = {https://doi.org/10.1016/j.enconman.2010.06.031},
  author  = {Pawan Sharma and T.S. Bhatti}
}

@article{BARBIERI2005,
  title   = {Capacitance limits of high surface area activated carbons for double layer capacitors},
  journal = {Carbon},
  volume  = {43},
  number  = {6},
  pages   = {1303-1310},
  year    = {2005},
  issn    = {0008-6223},
  doi     = {https://doi.org/10.1016/j.carbon.2005.01.001}
}

@article{qu1998,
  title   = {Studies of activated carbons used in double-layer capacitors},
  journal = {J. Power Sources},
  volume  = {74},
  number  = {1},
  pages   = {99-107},
  year    = {1998},
  issn    = {0378-7753},
  doi     = {https://doi.org/10.1016/S0378-7753(98)00038-X},
  author  = {Deyang Qu and Hang Shi}
}

@article{Gamby2001,
  title   = {Studies and characterisations of various activated carbons used for carbon/carbon supercapacitors},
  journal = {J. Power Sources},
  volume  = {101},
  number  = {1},
  pages   = {109-116},
  year    = {2001},
  issn    = {0378-7753},
  doi     = {https://doi.org/10.1016/S0378-7753(01)00707-8},
  author  = {J Gamby and P.L Taberna and P Simon and J.F Fauvarque and M Chesneau}
}

@article{SHI1996,
  title   = {Activated carbons and double layer capacitance},
  journal = {Electrochim. Acta},
  volume  = {41},
  number  = {10},
  pages   = {1633-1639},
  year    = {1996},
  issn    = {0013-4686},
  doi     = {https://doi.org/10.1016/0013-4686(95)00416-5},
  author  = {Hang Shi}
}

@article{Zhu2011,
  author  = {Zhu, Yanwu and others},
  year    = {2011},
  month   = {06},
  pages   = {1537-41},
  title   = {Carbon-Based Supercapacitors Produced by Activation of Graphene},
  volume  = {332},
  journal = {Science},
  doi     = {10.1126/science.1200770}
}

@article{Zhuangjun2011,
  author  = {Fan, Zhuangjun and Yan, Jun and Wei, Tong and Zhi, Linjie and Ning, Guoqing and Li, Tianyou and Wei, Fei},
  title   = {Asymmetric Supercapacitors Based on {G}raphene/{M}n{O}$_2$ and Activated Carbon Nanofiber Electrodes with High Power and Energy Density},
  journal = {Adv. Funct. Mater.},
  volume  = {21},
  number  = {12},
  pages   = {2366-2375},
  doi     = {https://doi.org/10.1002/adfm.201100058},
  year    = {2011}
}

@article{Hulicova2009,
  author  = {Hulicova-Jurcakova, Denisa and Seredych, Mykola and Lu, Gao Qing and Bandosz, Teresa J.},
  title   = {Combined Effect of Nitrogen- and Oxygen-Containing Functional Groups of Microporous Activated Carbon on its Electrochemical Performance in Supercapacitors},
  journal = {Adv. Funct. Mater.},
  volume  = {19},
  number  = {3},
  pages   = {438-447},
  doi     = {https://doi.org/10.1002/adfm.200801236},
  year    = {2009}
}

@article{Mastragostino1996,
  author  = {Mastragostino, Marina and Arbizzani, Catia and Meneghello, Luca and Paraventi, Ruggero},
  title   = {Electronically conducting polymers and activated carbon: {E}lectrode materials in supercapacitor technology},
  journal = {Adv. Mater.},
  volume  = {8},
  number  = {4},
  pages   = {331-334},
  doi     = {https://doi.org/10.1002/adma.19960080409},
  year    = {1996}
}

@article{Ruiz2009,
  title   = {An activated carbon monolith as an electrode material for supercapacitors},
  journal = {Carbon},
  volume  = {47},
  number  = {1},
  pages   = {195-200},
  year    = {2009},
  issn    = {0008-6223},
  doi     = {https://doi.org/10.1016/j.carbon.2008.09.048},
  author  = {V. Ruiz and C. Blanco and R. Santamaría and J.M. Ramos-Fernández and M. Martínez-Escandell and A. Sepúlveda-Escribano and F. Rodríguez-Reinoso}
}

@article{Hongtao2006,
  title   = {A novel nickel-based mixed rare-earth oxide/activated carbon supercapacitor using room temperature ionic liquid electrolyte},
  journal = {Electrochim. Acta},
  volume  = {51},
  number  = {10},
  pages   = {1925-1931},
  year    = {2006},
  issn    = {0013-4686},
  doi     = {https://doi.org/10.1016/j.electacta.2005.06.034},
  author  = {Hongtao Liu and Ping He and Zhiying Li and Yang Liu and Jinghong Li}
}

@article{An2001,
  author  = {An, K. H. and Kim, W. S. and Park, Y. S. and Moon, J.-M. and Bae, D. J. and Lim, S. C. and Lee, Y. S. and Lee, Y. H.},
  title   = {Electrochemical Properties of High-Power Supercapacitors Using Single-Walled Carbon Nanotube Electrodes},
  journal = {Adv. Funct. Mater.},
  volume  = {11},
  number  = {5},
  pages   = {387-392},
  doi     = {https://doi.org/10.1002/1616-3028(200110)11:5<387::AID-ADFM387>3.0.CO;2-G},
  year    = {2001}
}

@article{Zhuangjun2010,
  author  = {Fan, Zhuangjun and others},
  title   = {A Three-Dimensional Carbon Nanotube/Graphene Sandwich and Its Application as Electrode in Supercapacitors},
  journal = {Adv. Mat.},
  volume  = {22},
  number  = {33},
  pages   = {3723-3728},
  doi     = {https://doi.org/10.1002/adma.201001029},
  year    = {2010}
}

@article{Futaba2006,
  author  = {Futaba, Don N. and others},
  title   = {Shape-engineerable and highly densely packed single-walled carbon nanotubes and their application as super-capacitor electrodes},
  journal = {Nat. Mat.},
  year    = {2006},
  month   = {Dec},
  day     = {01},
  volume  = {5},
  number  = {12},
  pages   = {987-994},
  issn    = {1476-4660},
  doi     = {10.1038/nmat1782}
}

@article{Chenguang2010,
  author  = {Liu, Chenguang and Yu, Zhenning and Neff, David and Zhamu, Aruna and Jang, Bor Z.},
  title   = {Graphene-Based Supercapacitor with an Ultrahigh Energy Density},
  journal = {Nano Letters},
  volume  = {10},
  number  = {12},
  pages   = {4863-4868},
  year    = {2010},
  doi     = {10.1021/nl102661q}
}


@article{Zhao2013,
  author  = {Zhao, Yang and others},
  title   = {Highly Compression-Tolerant Supercapacitor Based on Polypyrrole-mediated Graphene Foam Electrodes},
  journal = {Adv. Mat.},
  volume  = {25},
  number  = {4},
  pages   = {591-595},
  doi     = {https://doi.org/10.1002/adma.201203578},
  year    = {2013}
}

@article{Zhenhai2012,
  author  = {Wen, Zhenhai and others},
  title   = {Crumpled Nitrogen-Doped Graphene Nanosheets with Ultrahigh Pore Volume for High-Performance Supercapacitor},
  journal = {Adv. Mat.},
  volume  = {24},
  number  = {41},
  pages   = {5610-5616},
  year    = {2012}
}

@article{Wigmans1989,
  title   = {Industrial aspects of production and use of activated carbons},
  journal = {Carbon},
  volume  = {27},
  number  = {1},
  pages   = {13-22},
  year    = {1989},
  issn    = {0008-6223},
  doi     = {https://doi.org/10.1016/0008-6223(89)90152-8},
  author  = {T. Wigmans}
}

@article{Alar2007,
  author  = {Jänes, Alar and Kurig, Heisi and Lust, Enn},
  year    = {2007},
  month   = {05},
  pages   = {1226-1233},
  title   = {Characterisation of activated nanoporous carbon for supercapacitor electrode materials},
  volume  = {45},
  journal = {Carbon},
  doi     = {10.1016/j.carbon.2007.01.024}
}

@article{Lillo2003,
  title   = {Understanding chemical reactions between carbons and {N}a{OH} and {KOH}: {A}n insight into the chemical activation mechanism},
  journal = {Carbon},
  volume  = {41},
  number  = {2},
  pages   = {267-275},
  year    = {2003},
  issn    = {0008-6223},
  doi     = {https://doi.org/10.1016/S0008-6223(02)00279-8},
  author  = {M.A Lillo-Ródenas and D Cazorla-Amorós and A Linares-Solano}
}

@article{Kierzek2004,
  title   = {Electrochemical capacitors based on highly porous carbons prepared by {KOH} activation},
  journal = {Electrochim. Acta},
  volume  = {49},
  number  = {4},
  pages   = {515-523},
  year    = {2004},
  issn    = {0013-4686},
  doi     = {https://doi.org/10.1016/j.electacta.2003.08.026},
  author  = {K. Kierzek and E. Frackowiak and G. Lota and G. Gryglewicz and J. Machnikowski}
}

@article{Mingjia2014,
  author  = {Zhi, Mingjia and Yang, Feng and Meng, Fanke and Li, Minqi and Manivannan, Ayyakkannu and Wu, Nianqiang},
  title   = {Effects of Pore Structure on Performance of An Activated-Carbon Supercapacitor Electrode Recycled from Scrap Waste Tires},
  journal = {ACS Sustainable Chem. Eng.},
  volume  = {2},
  number  = {7},
  pages   = {1592-1598},
  year    = {2014},
  doi     = {10.1021/sc500336h}
}

@article{Li2014,
  author  = {Li, Li and Hu, Zhong and An, Ning and Yang, Yu and Li, Zhi and Wu, Hong},
  year    = {2014},
  month   = {10},
  pages   = {22865-22872},
  title   = {Facile Synthesis of {M}n{O}$_2$/{CNT}s Composite for Supercapacitor Electrodes with Long Cycle Stability},
  volume  = {118},
  journal = { J. Phys. Chem. C},
  doi     = {10.1021/jp505744p}
}

@article{Zheng2011,
  author  = {Chen, Zheng and others},
  title   = {High-Performance Supercapacitors Based on Intertwined {CNT}/{V}$_2${O}$_5$ Nanowire Nanocomposites},
  journal = {Adv. Mat.},
  volume  = {23},
  number  = {6},
  pages   = {791-795},
  doi     = {https://doi.org/10.1002/adma.201003658},
  year    = {2011}
}

@article{Novoselov2004,
  author  = {Novoselov, K. and Geim, A. and Morozov, S. and Jiang, Da and Zhang, Yanshui and Dubonos, S. and Grigorieva, Irina and Firsov, Anatoly},
  year    = {2004},
  month   = {01},
  pages   = {666-669},
  title   = {Electric Field Effect in Atomically Thin Carbon Films},
  volume  = {6},
  journal = {Nat. Mater.}
}


@article{Linh2011,
  author  = {Le, Linh and Ervin, Matthew and Qiu, Hongwei and Fuchs, Brian and Lee, Woo},
  year    = {2011},
  month   = {04},
  pages   = {355-358},
  title   = {Graphene supercapacitor electrodes fabricated by inkjet printing and thermal reduction of graphene oxide},
  volume  = {13},
  journal = {Electrochem. commun.},
  doi     = {10.1016/j.elecom.2011.01.023}
}

@article{Lota2004,
  title   = {Capacitance properties of poly(3,4-ethylenedioxythiophene)/carbon nanotubes composites},
  journal = {J. Phys. Chem. Solids},
  volume  = {65},
  number  = {2},
  pages   = {295-301},
  year    = {2004},
  issn    = {0022-3697},
  doi     = {https://doi.org/10.1016/j.jpcs.2003.10.051},
  author  = {K. Lota and V. Khomenko and E. Frackowiak}
}

@article{Bandeira2020,
  title   = {Synthesis of polyaniline/5-sulfosalicylic acid composite and it's electrochemical properties},
  journal = {Mater. Sci. Energy Technol.},
  volume  = {3},
  pages   = {487-493},
  year    = {2020},
  issn    = {2589-2991},
  doi     = {https://doi.org/10.1016/j.mset.2020.04.002},
  url     = {https://www.sciencedirect.com/science/article/pii/S2589299120300215},
  author  = {Rafael Marinho Bandeira and Diego David da Silva and Mohd. Khalid and Germano Tremiliosi-Filho}
}

@article{Wei2012,
  author  = {Wei, Lu and Sevilla, Marta and Fuertes, Antonio B. and Mokaya, Robert and Yushin, Gleb},
  title   = {Polypyrrole-Derived Activated Carbons for High-Performance Electrical Double-Layer Capacitors with Ionic Liquid Electrolyte},
  journal = {Adv. Funct. Mater.},
  volume  = {22},
  number  = {4},
  pages   = {827-834},
  doi     = {https://doi.org/10.1002/adfm.201101866},
  year    = {2012}
}

@article{Keke2008,
  author  = {Liu, Keke and Hu, Zhenglong and Xue, Rong and Zhang, Jianrong and Zhu, Junjie},
  year    = {2008},
  month   = {05},
  pages   = {858-862},
  title   = {Electropolymerization of high stable poly (3, 4-ethylenedioxythiophene) in ionic liquids and its potential applications in electrochemical capacitor},
  volume  = {179},
  journal = {J. Power Sources},
  doi     = {10.1016/j.jpowsour.2008.01.024}
}

@article{Laforgue1999,
  title   = {Polythiophene-based supercapacitors},
  journal = {J. Power Sources},
  volume  = {80},
  number  = {1},
  pages   = {142-148},
  year    = {1999},
  issn    = {0378-7753},
  doi     = {https://doi.org/10.1016/S0378-7753(98)00258-4},
  author  = {Alexis Laforgue and Patrice Simon and Christian Sarrazin and Jean-François Fauvarque}
}

@article{Zhong2012,
  author  = {Zhong, Ming and Li, Yongfeng and Ma, Chang and Zhai, Xiaoling and Shi, Jingli and Guo, Quangui and Liu, Lang},
  year    = {2012},
  month   = {11},
  pages   = {6–12},
  title   = {Effect of reduced graphene oxide on the properties of an activated carbon cloth/polyaniline flexible electrode for supercapacitor application},
  volume  = {217},
  journal = {J. Power Sources},
  doi     = {10.1016/j.jpowsour.2012.05.086}
}

@article{Jeffrey2003,
  author  = {Long, Jeffrey and Swider, Karen and Merzbacher, Celia and Rolison, Debra},
  year    = {2003},
  month   = {03},
  pages   = {2532-2532},
  title   = {Voltammetric Characterization of Ruthenium Oxide-Based Aerogels and Other {R}u{O}$_2$ Solids: {T}he Nature of Capacitance in Nanostructured Materials},
  volume  = {19},
  journal = {Langmuir},
  doi     = {10.1021/la0209536}
}

@article{Toupin2004,
  author  = {Toupin, Mathieu and Brousse, Thierry and Bélanger, Daniel},
  year    = {2004},
  month   = {07},
  pages   = {3184–3190},
  title   = {Charge Storage Mechanism of {M}n{O}$_2$ Electrode Used in Aqueous Electrochemical Capacitor},
  volume  = {16},
  journal = {Chem. Mater.},
  doi     = {10.1021/cm049649j}
}

@article{Yanyan2014,
  author  = {Wang, Yanyan and Lei, Ying and Li, Jing and Gu, Li and Yuan, Hongyan and Xiao, Dan},
  year    = {2014},
  month   = {04},
  pages   = {6739–6747},
  title   = {Synthesis of 3{D}-Nanonet Hollow Structured {C}o$_3${O}$_4$ for High Capacity Supercapacitor},
  volume  = {6},
  journal = {ACS Appl. Mater. Interfaces},
  doi     = {10.1021/am500464n}
}

@book{Rodgers2009,
  author = {Rodgers, Peter and Heath, J.},
  year   = {2009},
  month  = {01},
  pages  = {1-346},
  title  = {Nanoscience and Technology: {A} Collection of Reviews from Nature Journals},
  isbn   = {978-981-4282-68-0},
  doi    = {10.1142/7439}
}

@article{Patake2010,
  author  = {Patake, Vaibhav and Pawar, S. and Shinde, Vaishali and Gujar, Tanaji and Lokhande, Chandrakant},
  year    = {2010},
  month   = {01},
  pages   = {99-103},
  title   = {The growth mechanism and supercapacitor study of anodically deposited amorphous ruthenium oxide films},
  volume  = {10},
  journal = {Curr. Appl. Phys.},
  doi     = {10.1016/j.cap.2009.05.003}
}

@article{Pang2000,
  author  = {Pang, Suh and Anderson, Marc},
  year    = {2000},
  month   = {10},
  pages   = {2096-2106},
  title   = {Novel electrode materials for electrochemical capacitors: {P}art {II}. {M}aterial characterization of sol-gel-derived and electrodeposited manganese dioxide thin films},
  volume  = {15},
  journal = {J. Mater. Res.},
  doi     = {10.1557/JMR.2000.0302}
}

@article{Jeong2012,
  author  = {Lee, Jeong Woo and Hall, Anthony S. and Kim, Jong-Duk and Mallouk, Thomas E.},
  title   = {A Facile and Template-Free Hydrothermal Synthesis of {M}n$_3${O}$_4$ Nanorods on Graphene Sheets for Supercapacitor Electrodes with Long Cycle Stability},
  journal = {Chem. Mater.},
  volume  = {24},
  number  = {6},
  pages   = {1158-1164},
  year    = {2012},
  doi     = {10.1021/cm203697w}
}

@article{Wang2000,
  author  = {Wang, Shih-Yu and Ho, Kuo-Chuan and Kuo, Shin-Liang and Wu, Nae-Lih},
  year    = {2006},
  month   = {01},
  pages   = {A75},
  title   = {Investigation on Capacitance Mechanisms of {F}e$_3${O}$_4$ Electrochemical Capacitors},
  volume  = {153},
  journal = {J. Electrochem. Soc.},
  doi     = {10.1149/1.2131820}
}

@article{Changzhou2013,
  author  = {Yuan, Changzhou and others},
  year    = {2013},
  month   = {10},
  pages   = {18573},
  title   = {Template-engaged synthesis of uniform mesoporous hollow {N}i{C}o$_2${O}$_4$ sub-microspheres towards high-performance electrochemical capacitors},
  volume  = {3},
  journal = {RSC Advances},
  doi     = {10.1039/c3ra42828a}
}

@article{Qiufan2012,
  author  = {Wang, Qiufan and Liu, Bin and Wang, Xianfu and Ran, Sihan and Wang, Liming and Chen, Di and Shen, Guozhen},
  year    = {2012},
  month   = {09},
  pages   = {21647-21653},
  title   = {Morphology evolution of urchin-like {N}i{C}o$_2${O}$_4$ nanostructures and their applications as psuedocapacitors and photoelectrochemical cells},
  volume  = {22},
  journal = {J. Mater. Chem.},
  doi     = {10.1039/C2JM34705A}
}

@article{Linfeng2012,
  author  = {Hu, Linfeng and Wu, Limin and Liao, Meiyong and Hu, Xinhua and Fang, Xiaosheng},
  title   = {Electrical Transport Properties of Large, Individual {N}i{C}o$_2${O}$_4$ Nanoplates},
  journal = {Adv. Fun. Mat.},
  volume  = {22},
  number  = {5},
  pages   = {998-1004},
  doi     = {https://doi.org/10.1002/adfm.201102155},
  year    = {2012}
}


@article{Huaping2017,
  author  = {Zhao, Huaping and Liu, Sarah and Vellacheri, Ranjith and Lei, Yong},
  year    = {2017},
  month   = {07},
  pages   = {1700188},
  title   = {Recent Advances in Designing and Fabricating Self-Supported Nanoelectrodes for Supercapacitors},
  volume  = {4},
  journal = {Adv. Sci.},
  doi     = {10.1002/advs.201700188}
}

@article{ograve2005,
  author  = {Arico ograve, Antonino and Bruce, Peter and Scrosati, Bruno and Tarascon, Jean-Marie and van Schalkwijk, Walter},
  year    = {2005},
  month   = {05},
  pages   = {366-377},
  title   = {Nanostructured Materials for Advanced Energy Conversion and Storage Devices},
  volume  = {4},
  journal = {Nat. Mater},
  doi     = {10.1038/nmat1368}
}

@article{Guihua2011,
  author  = {Yu, Guihua and Hu, Liangbing and Liu, Nian and Wang, Huiliang (Evan) and Vosgueritchian, Michael and Yang, Yuan and Cui, Yi and Bao, Zhenan},
  year    = {2011},
  month   = {09},
  pages   = {4438-42},
  title   = {Enhancing the Supercapacitor Performance of {G}raphene/{M}n{O}$_2$ Nanostructured Electrodes by Conductive Wrapping},
  volume  = {11},
  journal = {Nano Lett.},
  doi     = {10.1021/nl2026635}
}

@article{Reddy2012,
  author  = {Reddy, Arava Leela Mohana and Gowda, Sanketh R. and Shaijumon, Manikoth M. and Ajayan, Pulickel M.},
  title   = {Hybrid Nanostructures for Energy Storage Applications},
  journal = {AdvanAdv. Mater},
  volume  = {24},
  number  = {37},
  pages   = {5045-5064},
  doi     = {https://doi.org/10.1002/adma.201104502},
  year    = {2012}
}

@article{Liqiang2014,
  author  = {Mai, Liqiang and Tian, Xiaocong and Xu, Xu and Chang, Liang and Xu, Lin},
  title   = {Nanowire Electrodes for Electrochemical Energy Storage Devices},
  journal = {Chem. Rev.},
  volume  = {114},
  number  = {23},
  pages   = {11828-11862},
  year    = {2014},
  doi     = {10.1021/cr500177a}
}

@article{Lihaixiong2014,
  author  = {Li, Lihaixiong and others},
  year    = {2014},
  month   = {01},
  pages   = {467-474},
  title   = {One-dimension {M}n{C}o$_2${O}$_4$ nanowire arrays for electrochemical energy storage},
  volume  = {116},
  journal = {Electrochim. Acta},
  doi     = {10.1016/j.electacta.2013.11.081}
}

@article{Dubal2014,
  author  = {Dubal, Deepak and Gómez-Romero, Pedro and Sankapal, Babasaheb and Holze, Rudolf},
  year    = {2014},
  month   = {11},
  pages   = {},
  title   = {Nickel cobaltite as an emerging material for supercapacitors: {A}n overview},
  volume  = {11},
  journal = {Nano Energy},
  doi     = {10.1016/j.nanoen.2014.11.013}
}

@article{Zhang2013,
  author  = {Zhang, G. and Lou, X.},
  year    = {2013},
  month   = {02},
  pages   = {976-979},
  title   = {General solution growth of mesoporous NiCo2O4 nanosheets on various conductive substrates as high-performance electrodes for supercapacitors},
  volume  = {25},
  journal = {Adv. Mater},
  doi     = {10.1002/adma.201204128}
}

@article{Xiaoting2016,
  author  = {Zheng, Xiaoting and Ye, Yunlong and Yang, Qian and Geng, Baoyou and Zhang, Xiaojun},
  title   = {Hierarchical structures composed of {M}n{C}o$_2${O}$_4$$@${M}n{O}$_2$ core-shell nanowire arrays with enhanced supercapacitor properties},
  journal = {Dalton Trans.},
  year    = {2016},
  volume  = {45},
  issue   = {2},
  pages   = {572-578},
  doi     = {10.1039/C5DT03780H}
}

@article{Cai2014,
  author  = {Cai, Daoping and others},
  year    = {2014},
  month   = {01},
  pages   = {358-363},
  title   = {Facile hydrothermal synthesis of hierarchical ultrathin mesoporous {N}i{M}o{O}$_4$ nanosheets for high performance supercapacitors},
  volume  = {115},
  journal = {Electrochim. Acta},
  doi     = {10.1016/j.electacta.2013.10.154}
}

@article{Hussain2019,
  author    = {Hussain, Iftikhar and Ali, Awais and Lamiel, Charmaine and Mohamed, Saad Gomaa and Sahoo, Sumanta and Shim, Jae-Jin},
  title     = {A 3{D} walking palm-like core-shell {C}o{M}o{O}$_4$$@${N}i{C}o$_2${S}$_4$$@$nickel foam composite for high-performance supercapacitors},
  journal   = {Dalton Trans.},
  year      = {2019},
  volume    = {48},
  issue     = {12},
  pages     = {3853-3861},
  publisher = {The Royal Society of Chemistry},
  doi       = {10.1039/C8DT04045A}
}

@article{Jiang2012,
  author  = {Jiang, Jian and Li, Yuanyuan and Liu, Jinping and Huang, Xintang and Yuan, Changzhou and Lou, Xiong},
  year    = {2012},
  month   = {10},
  pages   = {5166-80},
  title   = {Recent Advances in Metal Oxide-Based Electrode Architecture Design for Electrochemical Energy Storage},
  volume  = {24},
  journal = {Adv. Mater},
  doi     = {10.1002/adma.201202146}
}

@article{Kwun2016,
  title   = {Hierarchical chestnut-like {M}n{C}o$_2${O}$_4$ nanoneedles grown on nickel foam as binder-free electrode for high energy density asymmetric supercapacitors},
  journal = {J. Power Sources},
  volume  = {330},
  pages   = {195-203},
  year    = {2016},
  issn    = {0378-7753},
  doi     = {https://doi.org/10.1016/j.jpowsour.2016.08.116},
  author  = {Kwun Nam Hui and Kwan San Hui and Zikang Tang and V.V. Jadhav and Qi Xun Xia}
}

@article{Wang2016,
  author    = {Wang, Xiuhua and Xia, Houyong and Gao, Jie and Shi, Bo and Fang, Yao and Shao, Mingwang},
  title     = {Enhanced cycle performance of ultraflexible asymmetric supercapacitors based on a hierarchical {M}n{O}$_2$$@${N}i{M}o{O}$_4$ core-shell nanostructure and porous carbon},
  journal   = {J. Mater. Chem. A},
  year      = {2016},
  volume    = {4},
  issue     = {46},
  pages     = {18181-18187},
  publisher = {The Royal Society of Chemistry},
  doi       = {10.1039/C6TA07836B}
}

@article{Zhang2017,
  author  = {Zhang, Yan and Xu, Jie and Zheng, Yayun and Zhang, Yingjiu and hu, Xing and Xu, Tingting},
  year    = {2017},
  month   = {06},
  pages   = {412},
  title   = {{N}i{C}o$_2${S}$_4$$@${N}i{M}o{O}$_4$ Core-Shell Heterostructure Nanotube Arrays Grown on Ni Foam as a Binder-Free Electrode Displayed High Electrochemical Performance with High Capacity},
  volume  = {12},
  journal = {Nanoscale Res. Lett.},
  doi     = {10.1186/s11671-017-2180-z}
}

@article{Socratous2015,
  author  = {Socratous, Josephine and others},
  title   = {Electronic Structure of Low-Temperature Solution-Processed Amorphous Metal Oxide Semiconductors for Thin-Film Transistor Applications},
  journal = {Adv. Funct. Mater.},
  volume  = {25},
  number  = {12},
  pages   = {1873-1885},
  doi     = {https://doi.org/10.1002/adfm.201404375},
  year    = {2015}
}

@article{Guifu2006,
  doi       = {10.1088/0957-4484/17/11/S14},
  year      = {2006},
  month     = {may},
  publisher = {},
  volume    = {17},
  number    = {11},
  pages     = {S313},
  author    = {Guifu Zou and Hui Li and Yuanguang Zhang and Kan Xiong and Yitai Qian},
  title     = {Solvothermal/hydrothermal route to semiconductor nanowires},
  journal   = {Nanotechnology}
}

@article{hui2012,
  author  = {Xia, Xin-hui and others},
  year    = {2012},
  month   = {02},
  pages   = {1835-1841},
  title   = {Freestanding {C}o$_3${O}$_4$ nanowire array for high performance supercapacitors},
  volume  = {2},
  journal = {RSC Adv.},
  doi     = {10.1039/C1RA00771H}
}

@article{Ronald2011,
  author  = {Ronald Lee },
  title   = {The Outlook for Population Growth},
  journal = {Science},
  volume  = {333},
  number  = {6042},
  pages   = {569-573},
  year    = {2011},
  doi     = {10.1126/science.1208859}
}

@article{Zhonghua2017,
  author  = {Yao, Zhonghua and others},
  title   = {Homogeneous/Inhomogeneous-Structured Dielectrics and their Energy-Storage Performances},
  journal = {Adv. Mater.},
  volume  = {29},
  number  = {20},
  pages   = {1601727},
  doi     = {https://doi.org/10.1002/adma.201601727},
  year    = {2017}
}

@article{Xin2018,
  author  = {Yu, Xin Yao and (David) Lou, Xiong Wen},
  title   = {Mixed Metal Sulfides for Electrochemical Energy Storage and Conversion},
  journal = {Adv. Energy Mater.},
  volume  = {8},
  number  = {3},
  pages   = {1701592},
  doi     = {https://doi.org/10.1002/aenm.201701592},
  year    = {2018}
}

@article{Andrew2011,
  title   = {The power capability of ultracapacitors and lithium batteries for electric and hybrid vehicle applications},
  journal = {J. Power Sources},
  volume  = {196},
  number  = {1},
  pages   = {514-522},
  year    = {2011},
  issn    = {0378-7753},
  doi     = {https://doi.org/10.1016/j.jpowsour.2010.06.092},
  author  = {Andrew Burke and Marshall Miller}
}

@article{Fashen2016,
  author    = {Chen, Fashen and Liu, Xiaohe and Zhang, Zhian and Zhang, Ning and Pan, Anqiang and Liang, Shuquan and Ma, Renzhi},
  title     = {Controllable fabrication of urchin-like {C}o$_3${O}$_4$ hollow spheres for high-performance supercapacitors and lithium-ion batteries},
  journal   = {Dalton Trans.},
  year      = {2016},
  volume    = {45},
  issue     = {38},
  pages     = {15155-15161},
  publisher = {The Royal Society of Chemistry},
  doi       = {10.1039/C6DT02603F}
}

@article{Lin2017,
  title   = {Rational construction of nickel cobalt sulfide nanoflakes on {C}o{O} nanosheets with the help of carbon layer as the battery-like electrode for supercapacitors},
  journal = {J. Power Sources},
  volume  = {362},
  pages   = {64-72},
  year    = {2017},
  issn    = {0378-7753},
  doi     = {https://doi.org/10.1016/j.jpowsour.2017.07.014},
  author  = {Jinghuang Lin and others}
}

@article{Jinghuang2017,
  author    = {Lin, Jinghuang and others},
  title     = {Hierarchical {C}u{C}o$_2${O}$_4$$@${N}i{M}o{O}$_4$ core-shell hybrid arrays as a battery-like electrode for supercapacitors},
  journal   = {Inorg. Chem. Front.},
  year      = {2017},
  volume    = {4},
  issue     = {9},
  pages     = {1575-1581},
  publisher = {The Royal Society of Chemistry},
  doi       = {10.1039/C7QI00361G}
}

@article{Daoping2014,
  author    = {Cai, Daoping and others},
  title     = {Construction of unique {N}i{C}o$_2${O}$_4$ nanowire$@${C}o{M}o{O}$_4$ nanoplate core/shell arrays on Ni foam for high areal capacitance supercapacitors},
  journal   = {J. Mater. Chem. A},
  year      = {2014},
  volume    = {2},
  issue     = {14},
  pages     = {4954-4960},
  publisher = {The Royal Society of Chemistry},
  doi       = {10.1039/C3TA14351A}
}

@article{Yan2017,
  author  = {Liu, Yan and Fu, Nianqing and Zhang, Guoge and Xu, Ming and Lu, Wei and Zhou, Limin and Huang, Haitao},
  title   = {Design of Hierarchical Ni$-$Co$@$Ni$-$Co Layered Double Hydroxide Core-Shell Structured Nanotube Array for High-Performance Flexible All-Solid-State Battery-Type Supercapacitors},
  journal = {Adv. Funct. Mater.},
  volume  = {27},
  number  = {8},
  pages   = {1605307},
  doi     = {https://doi.org/10.1002/adfm.201605307},
  year    = {2017}
}

@article{Xiao2009,
  author  = {Xiao, Wei and Chen, Jun Song and Li, Chang and Xu, Rong and Lou, Xiong},
  year    = {2009},
  month   = {08},
  pages   = {},
  title   = {Synthesis, Characterization, and Lithium Storage Capability of {AM}o{O}$_4$ ({A} = {N}i, {C}o) Nanorods},
  journal = {Chem. Mater.},
  doi     = {10.1021/cm9012014}
}

@article{Ziqing2016,
  author    = {Zhang, Ziqing and others},
  title     = {Facile synthesis of hierarchical {C}o{M}o{O}$_4$$@${N}i{M}o{O}$_4$ core-shell nanosheet arrays on nickel foam as an advanced electrode for asymmetric supercapacitors},
  journal   = {J. Mater. Chem. A},
  year      = {2016},
  volume    = {4},
  issue     = {47},
  pages     = {18578-18584},
  publisher = {The Royal Society of Chemistry},
  doi       = {10.1039/C6TA06848K}
}

@article{Yan2016,
  author  = {Zhao, Yan and Hu, Linfeng and Zhao, Shuyan and Wu, Limin},
  title   = {Preparation of {M}n{C}o$_2${O}$_4$$@${N}i({OH})$_2$ Core-Shell Flowers for Asymmetric Supercapacitor Materials with Ultrahigh Specific Capacitance},
  journal = {Adv. Funct. Mater.},
  volume  = {26},
  number  = {23},
  pages   = {4085-4093},
  doi     = {https://doi.org/10.1002/adfm.201600494},
  year    = {2016}
}

@article{Owusu2017,
  author  = {Owusu, Kwadwo and others},
  year    = {2017},
  month   = {03},
  pages   = {14264},
  title   = {Low-crystalline iron oxide hydroxide nanoparticle anode for high-performance supercapacitors},
  volume  = {8},
  journal = {Nat. Commun},
  doi     = {10.1038/ncomms14264}
}

@article{Kang2015,
  author  = {Xiao, Kang and Xia, Lu and Liu, Guoxue and Wang, Suqing and Ding, Liang-xin and Wang, Haihui},
  year    = {2015},
  month   = {03},
  pages   = {6128–6135},
  title   = {Honeycomb-like NiMoO$_4$ Ultrathin Nanosheet Arrays for High-performance Electrochemical Energy Storage},
  volume  = {3},
  journal = {J. Mater. Chem. A},
  doi     = {10.1039/C5TA00258C}
}

@article{Mai2017,
  author    = {Li, Mai and Wang, Yuanhao and Yang, Hongxing and Chu, Paul K.},
  title     = {Hierarchical {C}o{M}o{O}$_4$$@${C}o$_3${O}$_4$ nanocomposites on an ordered macro-porous electrode plate as a multi-dimensional electrode in high-performance supercapacitors},
  journal   = {J. Mater. Chem. A},
  year      = {2017},
  volume    = {5},
  issue     = {33},
  pages     = {17312-17324},
  publisher = {The Royal Society of Chemistry},
  doi       = {10.1039/C7TA04981A}
}

@article{Jeffrey2004,
  author  = {Long, Jeffrey W. and Dunn, Bruce and Rolison, Debra R. and White, Henry S.},
  title   = {Three-Dimensional Battery Architectures},
  journal = {Chem. Rev.},
  volume  = {104},
  number  = {10},
  pages   = {4463-4492},
  year    = {2004},
  doi     = {10.1021/cr020740l}
}

@article{Nguyen2015,
  author    = {Nguyen, Tuyen and Boudard, Michel and Rapenne, Laetitia and Chaix-Pluchery, Odette and Carmezim, M. João and Montemor, M. Fátima},
  title     = {Structural evolution, magnetic properties and electrochemical response of MnCo$_2$O$_4$ nanosheet films},
  journal   = {RSC Adv.},
  year      = {2015},
  volume    = {5},
  issue     = {35},
  pages     = {27844-27852},
  publisher = {The Royal Society of Chemistry},
  doi       = {10.1039/C5RA03047A}
}

@article{Wenyao2014,
  author    = {Li, Wenyao and Xu, Kaibing and Song, Guosheng and Zhou, Xiying and Zou, Rujia and Yang, Jianmao and Chen, Zhigang and Hu, Junqing},
  title     = {Facile synthesis of porous MnCo$_2$O$_{4.5}$ hierarchical architectures for high-rate supercapacitors},
  journal   = {CrystEngComm},
  year      = {2014},
  volume    = {16},
  issue     = {12},
  pages     = {2335-2339},
  publisher = {The Royal Society of Chemistry},
  doi       = {10.1039/C3CE42581A}
}

@article{Lei2014,
  author    = {Li, Lei and He, Fei and Gai, Shili and Zhang, Shenghuan and Gao, Peng and Zhang, Milin and Chen, Yujin and Yang, Piaoping},
  title     = {Hollow structured and flower-like C$@$MnCo$_2$O$_4$ composite for high electrochemical performance in a supercapacitor},
  journal   = {CrystEngComm},
  year      = {2014},
  volume    = {16},
  issue     = {42},
  pages     = {9873-9881},
  publisher = {The Royal Society of Chemistry},
  doi       = {10.1039/C4CE01323A}
}

@article{Qing2016,
  author    = {Yang, Qing and Lin, Shuang-Yan},
  title     = {Rationally designed nanosheet-based CoMoO$_4$-NiMoO$_4$ nanotubes for high-performance electrochemical electrodes},
  journal   = {RSC Adv.},
  year      = {2016},
  volume    = {6},
  issue     = {13},
  pages     = {10520-10526},
  publisher = {The Royal Society of Chemistry},
  doi       = {10.1039/C5RA27401J}
}

@article{Wangxu2012,
  author    = {Wang, Xu and Liu, Wan Shuang and Lu, Xuehong and Lee, Pooi See},
  title     = {Dodecyl sulfate-induced fast faradic process in nickel cobalt oxide-reduced graphite oxide composite material and its application for asymmetric supercapacitor device},
  journal   = {J. Mater. Chem.},
  year      = {2012},
  volume    = {22},
  issue     = {43},
  pages     = {23114-23119},
  publisher = {The Royal Society of Chemistry},
  doi       = {10.1039/C2JM35307E}
}

@article{Mehrez2019,
  author    = {Mehrez, Jaafar Abdul-Aziz and Owusu, Kwadwo Asare and Chen, Qiang and Li, Lun and Hamwi, Khawla and Luo, Wen and Mai, Liqiang},
  title     = {Hierarchical MnCo$_2$O$_4$$@$NiMoO$_4$ as free-standing core-shell nanowire arrays with synergistic effect for enhanced supercapacitor performance},
  journal   = {Inorg. Chem. Front.},
  year      = {2019},
  volume    = {6},
  issue     = {3},
  pages     = {857-865},
  publisher = {The Royal Society of Chemistry},
  doi       = {10.1039/C8QI01420E}
}

@article{Kaibing2014,
  author    = {Xu, Kaibing and others},
  title     = {Hierarchical mesoporous NiCo$_2$O$_4$$@$MnO$_2$ core-shell nanowire arrays on nickel foam for aqueous asymmetric supercapacitors},
  journal   = {J. Mater. Chem. A},
  year      = {2014},
  volume    = {2},
  issue     = {13},
  pages     = {4795-4802},
  publisher = {The Royal Society of Chemistry},
  doi       = {10.1039/C3TA14647B}
}


@article{Xiuhua2016,
  author    = {Wang, Xiuhua and Xia, Houyong and Gao, Jie and Shi, Bo and Fang, Yao and Shao, Mingwang},
  title     = {Enhanced cycle performance of ultraflexible asymmetric supercapacitors based on a hierarchical MnO$_2$$@$NiMoO$_4$ core-shell nanostructure and porous carbon},
  journal   = {J. Mater. Chem. A},
  year      = {2016},
  volume    = {4},
  issue     = {46},
  pages     = {18181-18187},
  publisher = {The Royal Society of Chemistry},
  doi       = {10.1039/C6TA07836B}
}












